@book{ebbing2010quimica,
  title={Qu{\'\i}mica general},
  author={Ebbing, Darrell D and Gammon, Steven D},
  year={2010},
  publisher={Cengage Learning Editores}
}

@book{blanco2017gustavo,
  title={Medical Biochemistry},
  author={Gustavo Blanco and Antonio Blanco},
  year={2017},
  publisher={Academic Press}
}

@book{nelson2008lehninger,
  title={Lehninger principles of biochemistry},
  author={Nelson, David L and Lehninger, Albert L and Cox, Michael M},
  year={2008},
  publisher={Macmillan}
}

@book{martin2001bioquimica,
  title={Bioqu{\'\i}mica de Harper/Harper{\^a}s biochemistry},
  author={Martin, David W and Harper, Harold A and Mayes, Peter A and Rodwell, Victor W},
  number={577.1},
  year={2001},
  publisher={El Manual Moderno,}
}

@book{raymond2013general,
  title={General organic and Biological Chemistry: An integrated approach},
  author={Raymond, Kenneth W},
  year={2013},
  publisher={John Wiley \& Sons}
}

@book{harisha2005introduction,
  title={An introduction to practical biotechnology},
  author={Harisha, S},
  year={2005},
  publisher={Firewall Media}
}

@article{barfoed1873ueber,
  title={Ueber die Nachweisung des Traubenzuckers neben Dextrin und verwandten K{\"o}rpern},
  author={Barfoed, C},
  journal={Fresenius' Journal of Analytical Chemistry},
  volume={12},
  number={1},
  pages={27--32},
  year={1873},
  publisher={Springer}
}

@book{bonner1976quimica,
  title={Qu{\'\i}mica org{\'a}nica b{\'a}sica},
  author={Bonner, William A and Castro, Albert J and P{\'e}rez Alvarez-Ossorio, Rafael and Fern{\'a}ndez Gonz{\'a}lez, Franco and others},
  year={1976}
}

@misc{maite,
  title = {Carbohidratos en la dieta: MedlinePlus en espa√±ol},
  howpublished = {\url{https://medlineplus.gov/spanish/carbohydrates.html/}},
  note = {Accessed: Mar 12, 2019}
}

@book{ouellette2015principles,
  title={Principles of organic chemistry},
  author={Ouellette, Robert J and Rawn, J David},
  year={2015},
  publisher={Academic Press}
}


