@book{puregeneBook,
  title={Gentra Puregene Handbook},
  author={QIAGEN},
  year={2014},
  publisher={QIAGEN}
}

@article{m2011human,
  title={Human DNA extraction methods: patents and applications},
  author={M Carpi, Francesco and Di Pietro, Fabio and Vincenzetti, Silvia and Mignini, Fiorenzo and Napolioni, Valerio},
  journal={Recent patents on DNA \& gene sequences},
  volume={5},
  number={1},
  pages={1--7},
  year={2011},
  publisher={Bentham Science Publishers}
}

@article{olson2012dna,
  title={DNA extract characterization process for microbial detection methods development and validation},
  author={Olson, Nathan D and Morrow, Jayne B},
  journal={BMC research notes},
  volume={5},
  number={1},
  pages={668},
  year={2012},
  publisher={BioMed Central}
}

@article{wilfinger1997effect,
  title={Effect of pH and ionic strength on the spectrophotometric assessment of nucleic acid purity},
  author={Wilfinger, William W and Mackey, Karol and Chomczynski, Piotr},
  journal={Biotechniques},
  volume={22},
  number={3},
  pages={474--481},
  year={1997},
  publisher={Future Science}
}

@book{green2012molecular,
  title={Molecular cloning, A Laboratory Manual},
  author={Green, Michael R. and Sambrook, Joseph},
  edition={4th},
  year={2012}
}

@misc{NCBI,
  title = {GAPDH glyceraldehyde-3-phosphate dehydrogenase [ Homo sapiens (human) ]},
  howpublished = {\url{https://www.ncbi.nlm.nih.gov/gene/2597}},
  note = {Accessed: 2019-05-26}
}

@misc{pMONO-blasti,
  title = {pMONO-blasti},
  howpublished = {\url{https://www.invivogen.com/pmono-blasti}},
  note = {Accessed: 2019-05-26}
}

@misc{MiniSeq,
  title = {MiniSeq Reagent Kit},
  howpublished = {\url{https://www.illumina.com/products/by-type/sequencing-kits/cluster-gen-sequencing-reagents/miniseq-reagent-kit.html}},
  note = {Accessed: 2019-05-26}
}

@article{izumi1991blasticidin,
  title={Blasticidin S-resistance gene (bsr): a novel selectable marker for mammalian cells},
  author={Izumi, Masako and Miyazawa, Hiroshi and Kamakura, Takashi and Yamaguchi, Isamu and Endo, Toyoshige and Hanaoka, Fumio},
  journal={Experimental cell research},
  volume={197},
  number={2},
  pages={229--233},
  year={1991},
  publisher={Elsevier}
}

@misc{MacConkey,
  title = {MacConkey agar},
  howpublished = {\url{https://en.wikipedia.org/wiki/MacConkey_agar/media/File:MacConkey_agar_with_LF_and_LF_colonies.jpg}},
  note = {Accessed: 2019-05-26}
}

@article{marraffini2008crispr,
  title={CRISPR interference limits horizontal gene transfer in staphylococci by targeting DNA},
  author={Marraffini, Luciano A and Sontheimer, Erik J},
  journal={science},
  volume={322},
  number={5909},
  pages={1843--1845},
  year={2008},
  publisher={American Association for the Advancement of Science}
}

@book{harvey2007microbiology,
  title={Microbiology},
  author={Harvey, Richard A},
  year={2007},
  publisher={Lippincott Williams \& Wilkins}
}


@misc{biorad,
  title = {Bio-Rad kit},
  howpublished = {\url{http://www.bio-rad.com/en-us/product/quantum-prep-plasmid-kits?ID=7167c5db-d618-47a5-9185-9c612fe4fbe0}},
  note = {Accessed: 2019-05-26}
}

@book{bioradBook,
  title={Quantum Prep Plasmid Miniprep Kit Instruction Manual},
  author={Bio-Rad},
  publisher={Bio-Rad}
}

@book{kitBook,
  title={Wizard SV Gel and PCR Clean-Up System, INSTRUCTIONS FOR USE OF PRODUCTS A9280, A9281, A9282, AND A9285},
  author={Promega},
  year={2009},
  publisher={Promega}
}
