@book{sambrook2001molecular,
  title={Molecular cloning: a laboratory manual (3-volume set)},
  author={Sambrook, Joseph and Russell, David W and Russell, David W},
  volume={999},
  year={2001},
  publisher={Cold spring harbor laboratory press New York}
}

@article{toni2018optimization,
  title={Optimization of phenol-chloroform RNA extraction},
  author={Toni, Lee S and Garcia, Anastacia M and Jeffrey, Danielle A and Jiang, Xuan and Stauffer, Brian L and Miyamoto, Shelley D and Sucharov, Carmen C},
  journal={MethodsX},
  volume={5},
  pages={599--608},
  year={2018},
  publisher={Elsevier}
}

