@article{preston1925modern,
  title={The modern soap industry},
  author={Preston, Walter C},
  journal={Journal of Chemical Education},
  volume={2},
  number={11},
  pages={1035},
  year={1925},
  publisher={ACS Publications}
}

@article{souza2017microwave,
  title={Microwave assisted direct saponification for the simultaneous determination of cholesterol and cholesterol oxides in shrimp},
  author={Souza, Hugo AL and Mariutti, Lilian RB and Bragagnolo, Neura},
  journal={The Journal of steroid biochemistry and molecular biology},
  volume={169},
  pages={88--95},
  year={2017},
  publisher={Elsevier}
}

@article{dong2016sustainable,
  title={The sustainable and efficient ionic liquid-type saponification strategy for rare earth separation processing},
  author={Dong, Yamin and Sun, Xiaoqi and Wang, Yanliang and Huang, Chao and Zhao, Zeyuan},
  journal={ACS Sustainable Chemistry \& Engineering},
  volume={4},
  number={3},
  pages={1573--1580},
  year={2016},
  publisher={ACS Publications}
}

@book{sneader2005drug,
  title={Drug discovery: a history},
  author={Sneader, Walter},
  year={2005},
  publisher={John Wiley \& Sons}
}

@article{novak1937pseudomalignant,
  title={Pseudomalignant and precancerous lesions of the cervix},
  author={Novak, Emil},
  journal={Journal of the American Medical Association},
  volume={108},
  number={14},
  pages={1145--1151},
  year={1937},
  publisher={American Medical Association}
}

@article{li2018lugol,
  title={Lugol chromoendoscopy detects esophageal dysplasia with low levels of sensitivity in a high-risk region of China},
  author={Li, Jingjing and Xu, Ruiping and Liu, Mengfei and Cai, Hong and Cao, Changqi and Liu, Fangfang and Li, Fenglei and Guo, Chuanhai and Pan, Yaqi and He, Zhonghu and others},
  journal={Clinical Gastroenterology and Hepatology},
  volume={16},
  number={10},
  pages={1585--1592},
  year={2018},
  publisher={Elsevier}
}

@article{yilmaz2016effect,
  title={The effect of preoperative Lugol's iodine on intraoperative bleeding in patients with hyperthyroidism},
  author={Yilmaz, Yeliz and Kamer, Kemal Erdinc and Ureyen, Orhan and Sari, Erdem and Acar, Turan and Karahalli, Onder},
  journal={Annals of medicine and surgery},
  volume={9},
  pages={53--57},
  year={2016},
  publisher={Elsevier}
}

@book{von1857neue,
  title={Eine neue Reaction auf Eiweissk{\"o}rper und ihre n{\"a}heren Abk{\"o}mmlinge:(Mitthlg adkk physiol. Inst.?? Krakau.)(Aus d. Aprilh. 1857 d. Sitzgsber. dm-nat. Cl. der k. Ak. d. Wiss. XXIV. Bd. S. 335)},
  author={von Piotrowski, Gustav},
  year={1857}
}

@article{rose1833ueber,
  title={Ueber die verbindungen des eiweiss mit metalloxyden},
  author={Rose, Ferdinand},
  journal={Annalen der Physik},
  volume={104},
  number={5},
  pages={132--142},
  year={1833},
  publisher={Wiley Online Library}
}

@article{zheng2017measurement,
  title={Measurement of the total protein in serum by biuret method with uncertainty evaluation},
  author={Zheng, Kangle and Wu, Liqing and He, Zhangjing and Yang, Bin and Yang, Yi},
  journal={Measurement},
  volume={112},
  pages={16--21},
  year={2017},
  publisher={Elsevier}
}

@article{lipscomb2006sensitivity,
  title={The sensitivity of approved Ninhydrin and Biuret tests in the assessment of protein contamination on surgical steel as an aid to prevent iatrogenic prion transmission},
  author={Lipscomb, IP and Pinchin, HE and Collin, R and Harris, K and Keevil, CW},
  journal={Journal of Hospital Infection},
  volume={64},
  number={3},
  pages={288--292},
  year={2006},
  publisher={Elsevier}
}

@article{xiong2007liebermann,
  title={The Liebermann--Burchard reaction: sulfonation, desaturation, and rearrangment of cholesterol in acid},
  author={Xiong, Quanbo and Wilson, William K and Pang, Jihai},
  journal={Lipids},
  volume={42},
  number={1},
  pages={87--96},
  year={2007},
  publisher={Wiley Online Library}
}

@article{barreto2005lipid,
  title={Lipid extraction and cholesterol quantification: A simple protocol},
  author={Barreto, M Carmo},
  journal={Journal of chemical education},
  volume={82},
  number={1},
  pages={103},
  year={2005},
  publisher={ACS Publications}
}

@article{burke1974mechanisms,
  title={Mechanisms of the Liebermann-Burchard and Zak color reactions for cholesterol},
  author={Burke, RW and Diamondstone, BI and Velapoldi, RA and Menis, O},
  journal={Clinical chemistry},
  volume={20},
  number={7},
  pages={794--801},
  year={1974},
  publisher={Clinical Chemistry}
}

@article{benedict1909reagent,
  title={A reagent for the detection of reducing sugars},
  author={Benedict, Stanley R},
  journal={Journal of Biological Chemistry},
  volume={5},
  number={5},
  pages={485--487},
  year={1909},
  publisher={ASBMB}
}

@article{daniels1960fehling,
  title={The Fehling and Benedict tests},
  author={Daniels, Ralph and Rush, Clyde C and Bauer, Ludwig},
  journal={Journal of Chemical Education},
  volume={37},
  number={4},
  pages={205},
  year={1960},
  publisher={ACS Publications}
}

@article{van1910omega,
  title={{\"U}ber das $\omega$-Oxymethyl-furfurol als Ursache einiger Farbreaktionen der Hexosen},
  author={van Ekenstein, W Alberda and Blanksma, JJ},
  journal={Berichte der deutschen chemischen Gesellschaft},
  volume={43},
  number={2},
  pages={2355--2361},
  year={1910},
  publisher={Wiley Online Library}
}

@article{devor1950carbohydrate,
  title={Carbohydrate tests using sulfonated $\alpha$-naphthol},
  author={Devor, Arthur W},
  journal={Journal of the American Chemical Society},
  volume={72},
  number={5},
  pages={2008--2012},
  year={1950},
  publisher={ACS Publications}
}

@article{ruhemann1910cxxxii,
  title={CXXXII.-Cyclic di-and tri-ketones},
  author={Ruhemann, Siegfried},
  journal={Journal of the Chemical Society, Transactions},
  volume={97},
  pages={1438--1449},
  year={1910},
  publisher={Royal Society of Chemistry}
}

@article{ruhemann1910ccxii,
  title={CCXII.-triketohydrindene hydrate},
  author={Ruhemann, Siegfried},
  journal={Journal of the Chemical Society, Transactions},
  volume={97},
  pages={2025--2031},
  year={1910},
  publisher={Royal Society of Chemistry}
}

@article{xu2018indirect,
  title={Indirect glyphosate detection based on ninhydrin reaction and surface-enhanced Raman scattering spectroscopy},
  author={Xu, Meng-Lei and Gao, Yu and Li, Yali and Li, Xueliang and Zhang, Huanjie and Han, Xiao Xia and Zhao, Bing and Su, Liang},
  journal={Spectrochimica Acta Part A: Molecular and Biomolecular Spectroscopy},
  volume={197},
  pages={78--82},
  year={2018},
  publisher={Elsevier}
}

@article{friedman2004applications,
  title={Applications of the ninhydrin reaction for analysis of amino acids, peptides, and proteins to agricultural and biomedical sciences},
  author={Friedman, Mendel},
  journal={Journal of agricultural and food chemistry},
  volume={52},
  number={3},
  pages={385--406},
  year={2004},
  publisher={ACS Publications}
}

@article{brunelle2016new,
  title={New horizons for ninhydrin: Colorimetric determination of gender from fingerprints},
  author={Brunelle, Erica and Huynh, Crystal and Le, Anh Minh and Halamkova, Lenka and Agudelo, Juliana and Halamek, Jan},
  journal={Analytical chemistry},
  volume={88},
  number={4},
  pages={2413--2420},
  year={2016},
  publisher={ACS Publications}
}